<?xml version="1.0" encoding="UTF-8"?><collection xmlns="http://www.loc.gov/MARC21/slim"><record><leader>00518nam--2200169-i-4500</leader><controlfield tag="001">000012023</controlfield><controlfield tag="002">20161230</controlfield><controlfield tag="005">20161230201029</controlfield><controlfield tag="008">060222s1000------------r-----000-0-eng-d</controlfield><datafield ind1=" " ind2=" " tag="040"><subfield code="a">IFIN-HH</subfield></datafield><datafield ind1=" " ind2=" " tag="080"><subfield code="a">971.049 19/20</subfield></datafield><datafield ind1="1" ind2=" " tag="110"><subfield code="a">Canadian Government</subfield></datafield><datafield ind1="1" ind2="0" tag="245"><subfield code="a">Canada one hundred 1867-1967. prepared in the canada year book handbook and library division domision bureau of statistics ottawa</subfield></datafield><datafield ind1=" " ind2=" " tag="260"><subfield code="a">Ottawa</subfield><subfield code="b">Crown Copyright</subfield><subfield code="c">1967</subfield></datafield><datafield ind1=" " ind2=" " tag="300"><subfield code="a">501 P</subfield></datafield><datafield ind1=" " ind2=" " tag="852"><subfield code="a">44490</subfield><subfield code="c">H.H</subfield></datafield><datafield ind1=" " ind2=" " tag="CAT"><subfield code="a">Sys</subfield><subfield code="c">20130409</subfield><subfield code="h">155914</subfield></datafield></record></collection>